@incollection{leavens1999jml,
  title={JML: A notation for detailed design},
  author={Leavens, Gary T and Baker, Albert L and Ruby, Clyde},
  booktitle={behavioral specifications of Businesses and Systems},
  pages={175--188},
  year={1999},
  publisher={Springer}
}

@misc{leavens2008jml,
  title={JML reference manual},
  author={Leavens, Gary T and Poll, Erik and Clifton, Curtis and Cheon, Yoonsik and Ruby, Clyde and Cok, David and M{\"u}ller, Peter and Kiniry, Joseph and Chalin, Patrice and Zimmerman, Daniel M and others},
  year={2008}
}

@inproceedings{meyer1987eiffel,
  title={Eiffel: Object-oriented design for software engineering},
  author={Meyer, Bertrand and Nerson, Jean-Marc and Matsuo, Masanobu},
  booktitle={European Software Engineering Conference},
  pages={221--229},
  year={1987},
  organization={Springer}
}

@techreport{sutherland1968fly,
  title={Fly-by-wire flight control systems},
  author={Sutherland, JP},
  year={1968},
  institution={AIR FORCE FLIGHT DYNAMICS LAB WRIGHT-PATTERSON AFB OH}
}

@article{hatcliff2012behavioral,
  title={Behavioral interface specification languages},
  author={Hatcliff, John and Leavens, Gary T and Leino, K Rustan M and M{\"u}ller, Peter and Parkinson, Matthew},
  journal={ACM Computing Surveys (CSUR)},
  volume={44},
  number={3},
  pages={1--58},
  year={2012},
  publisher={ACM New York, NY, USA}
}

@article{jackson2019alloy,
  title={Alloy: a language and tool for exploring software designs},
  author={Jackson, Daniel},
  journal={Communications of the ACM},
  volume={62},
  number={9},
  pages={66--76},
  year={2019},
  publisher={ACM New York, NY, USA}
}

@article{burdy2005overview,
  title={An overview of JML tools and applications},
  author={Burdy, Lilian and Cheon, Yoonsik and Cok, David R and Ernst, Michael D and Kiniry, Joseph R and Leavens, Gary T and Leino, K Rustan M and Poll, Erik},
  journal={International journal on software tools for technology transfer},
  volume={7},
  number={3},
  pages={212--232},
  year={2005},
  publisher={Springer}
}

@article{boyapati2002korat,
  title={Korat: Automated testing based on Java predicates},
  author={Boyapati, Chandrasekhar and Khurshid, Sarfraz and Marinov, Darko},
  journal={ACM SIGSOFT Software Engineering Notes},
  volume={27},
  number={4},
  pages={123--133},
  year={2002},
  publisher={ACM New York, NY, USA}
}